<record><leader>00000cas a2200000 a 4500</leader><controlfield tag="001">14204428</controlfield><controlfield tag="008">860911d18441847pauwr ne      0    0eng  </controlfield><datafield ind1=" " ind2=" " tag="010"><subfield code="a">sn 86071908 </subfield></datafield><datafield ind1=" " ind2=" " tag="040"><subfield code="a">DLC</subfield><subfield code="b">eng</subfield><subfield code="c">DLC</subfield><subfield code="d">NPX</subfield><subfield code="d">NPH</subfield><subfield code="d">CVF</subfield><subfield code="d">OCLCO</subfield><subfield code="d">OCLCQ</subfield><subfield code="d">OCLCF</subfield></datafield><datafield ind1="1" ind2=" " tag="029"><subfield code="a">AU@</subfield><subfield code="b">000025794096</subfield></datafield><datafield ind1=" " ind2=" " tag="042"><subfield code="a">pcc</subfield></datafield><datafield ind1=" " ind2=" " tag="043"><subfield code="a">n-us-pa</subfield></datafield><datafield ind1="0" ind2="0" tag="050"><subfield code="a">Newspaper 9375-X</subfield></datafield><datafield ind1="0" ind2="0" tag="245"><subfield code="a">Meadville gazette, and farmer's advocate.</subfield></datafield><datafield ind1="1" ind2="3" tag="246"><subfield code="a">Gazette &amp; advocate</subfield></datafield><datafield ind1=" " ind2=" " tag="260"><subfield code="a">Meadville [Pa.] :</subfield><subfield code="b">Lewis L. Lord,</subfield><subfield code="c">1844-1847.</subfield></datafield><datafield ind1=" " ind2=" " tag="300"><subfield code="a">4 v. ;</subfield><subfield code="c">59 cm.</subfield></datafield><datafield ind1=" " ind2=" " tag="310"><subfield code="a">Weekly</subfield></datafield><datafield ind1="0" ind2=" " tag="362"><subfield code="a">Vol. 1, no. 1 (Feb. 28, 1844)-v. 4, no. 1 (Apr. 13, 1847).</subfield></datafield><datafield ind1=" " ind2=" " tag="515"><subfield code="a">Issues for -Apr. 13, 1847 called also -whole no. 157.</subfield></datafield><datafield ind1=" " ind2="0" tag="651"><subfield code="a">Meadville (Crawford County, Pa.)</subfield><subfield code="v">Newspapers.</subfield></datafield><datafield ind1=" " ind2="7" tag="655"><subfield code="a">Newspapers.</subfield><subfield code="2">fast</subfield><subfield code="0">(OCoLC)fst01423814</subfield></datafield><datafield ind1=" " ind2="7" tag="651"><subfield code="a">Pennsylvania</subfield><subfield code="z">Meadville (Crawford County)</subfield><subfield code="2">fast</subfield><subfield code="0">(OCoLC)fst01775215</subfield></datafield><datafield ind1=" " ind2=" " tag="752"><subfield code="a">United States</subfield><subfield code="b">Pennsylvania</subfield><subfield code="c">Crawford</subfield><subfield code="d">Meadville.</subfield></datafield><datafield ind1="0" ind2="0" tag="785"><subfield code="t">Meadville gazette (Meadville, Pa. : 1847)</subfield><subfield code="w">(DLC)sn 86053742</subfield></datafield></record>